<record><leader>00000cas a22000007a 4500</leader><controlfield tag="001">21052379</controlfield><controlfield tag="008">900212d18901891mouwr ne      0    0eng d</controlfield><datafield ind1=" " ind2=" " tag="010"><subfield code="a">sn 90061166 </subfield></datafield><datafield ind1=" " ind2=" " tag="040"><subfield code="a">MQN</subfield><subfield code="b">eng</subfield><subfield code="c">MQN</subfield><subfield code="d">OCLCQ</subfield></datafield><datafield ind1=" " ind2=" " tag="042"><subfield code="a">msc</subfield></datafield><datafield ind1="0" ind2=" " tag="130"><subfield code="a">Industrial review (Nevada, Mo.)</subfield></datafield><datafield ind1="1" ind2="4" tag="245"><subfield code="a">The industrial review.</subfield></datafield><datafield ind1=" " ind2=" " tag="260"><subfield code="a">Nevada, Mo. :</subfield><subfield code="b">J.A. Goodnough &amp; Co.</subfield></datafield><datafield ind1=" " ind2=" " tag="300"><subfield code="a">v.</subfield></datafield><datafield ind1=" " ind2=" " tag="310"><subfield code="a">Weekly</subfield></datafield><datafield ind1="1" ind2=" " tag="362"><subfield code="a">Began in 1890? Ceased in 1891?</subfield></datafield><datafield ind1=" " ind2=" " tag="588"><subfield code="a">Description based on: Vol. 1, no. 43 (Oct. 31, 1890).</subfield></datafield><datafield ind1=" " ind2=" " tag="752"><subfield code="a">United States</subfield><subfield code="b">Missouri</subfield><subfield code="c">Vernon</subfield><subfield code="d">Nevada.</subfield></datafield></record>